<?xml version="1.0" encoding="UTF-8"?><record xmlns="http://www.loc.gov/MARC21/slim" xmlns:cinclude="http://apache.org/cocoon/include/1.0" xmlns:zs="http://www.loc.gov/zing/srw/">
  <leader>00373nz  a2200133n  4500</leader>
  <controlfield tag="001">no2002097082</controlfield>
  <controlfield tag="003">DLC</controlfield>
  <controlfield tag="005">20021024054251.0</controlfield>
  <controlfield tag="008">021023n| acannaabn          |n aaa     c</controlfield>
  <datafield tag="010" ind1=" " ind2=" ">
    <subfield code="a">no2002097082</subfield>
  </datafield>
  <datafield tag="035" ind1=" " ind2=" ">
    <subfield code="a">(OCoLC)oca05894598</subfield>
  </datafield>
  <datafield tag="040" ind1=" " ind2=" ">
    <subfield code="a">ArLUA-L</subfield>
    <subfield code="b">eng</subfield>
    <subfield code="c">ArLUA-L</subfield>
  </datafield>
  <datafield tag="100" ind1="1" ind2=" ">
    <subfield code="a">Stanzell, James P.</subfield>
  </datafield>
  <datafield tag="670" ind1=" " ind2=" ">
    <subfield code="a">2002 hot issues in health law seminar, 2002:</subfield>
    <subfield code="b">t.p. (James P. Stanzell)</subfield>
  </datafield>
</record>